<record><leader>00000cas a22000007a 4500</leader><controlfield tag="001">28385770</controlfield><controlfield tag="008">930706d18671868msuwr ne      0   a0eng d</controlfield><datafield ind1=" " ind2=" " tag="010"><subfield code="a">  2016270501</subfield><subfield code="z">  2016270500</subfield></datafield><datafield ind1=" " ind2=" " tag="040"><subfield code="a">MPC</subfield><subfield code="b">eng</subfield><subfield code="c">MSJ</subfield><subfield code="d">DLC</subfield><subfield code="d">OCLCQ</subfield><subfield code="d">DLC</subfield><subfield code="d">OCLCF</subfield><subfield code="d">DLC</subfield></datafield><datafield ind1=" " ind2=" " tag="019"><subfield code="a">944241993</subfield></datafield><datafield ind1="0" ind2=" " tag="022"><subfield code="a">2575-4645</subfield><subfield code="2">1</subfield></datafield><datafield ind1=" " ind2=" " tag="042"><subfield code="a">msc</subfield><subfield code="a">nsdp</subfield></datafield><datafield ind1=" " ind2=" " tag="043"><subfield code="a">n-us-ms</subfield></datafield><datafield ind1="0" ind2="0" tag="050"><subfield code="a">Newspaper</subfield></datafield><datafield ind1="0" ind2="4" tag="082"><subfield code="a">071.62635</subfield><subfield code="b">G826</subfield><subfield code="2">20</subfield></datafield><datafield ind1=" " ind2="4" tag="222"><subfield code="a">The Grenada weekly sentinel</subfield><subfield code="b">(Print)</subfield></datafield><datafield ind1="0" ind2="4" tag="245"><subfield code="a">The Grenada weekly sentinel.</subfield></datafield><datafield ind1=" " ind2=" " tag="260"><subfield code="a">Grenada, Miss. :</subfield><subfield code="b">John N. Bowen Co.,</subfield><subfield code="c">1867-1868.</subfield></datafield><datafield ind1=" " ind2=" " tag="300"><subfield code="a">volumes</subfield></datafield><datafield ind1=" " ind2=" " tag="310"><subfield code="a">Weekly</subfield></datafield><datafield ind1=" " ind2=" " tag="336"><subfield code="a">text</subfield><subfield code="b">txt</subfield><subfield code="2">rdacontent</subfield></datafield><datafield ind1=" " ind2=" " tag="337"><subfield code="a">unmediated</subfield><subfield code="b">n</subfield><subfield code="2">rdamedia</subfield></datafield><datafield ind1=" " ind2=" " tag="338"><subfield code="a">volume</subfield><subfield code="b">nc</subfield><subfield code="2">rdacarrier</subfield></datafield><datafield ind1="0" ind2=" " tag="362"><subfield code="a">Vol. 1, no. 1 (July 13, 1867)-v. 7, no. 33 (Feb. 22, 1868).</subfield></datafield><datafield ind1=" " ind2=" " tag="530"><subfield code="a">Archived issues are available in digital format from the Library of Congress Chronicling America online collection.</subfield></datafield><datafield ind1=" " ind2="0" tag="651"><subfield code="a">Grenada (Miss.)</subfield><subfield code="v">Newspapers.</subfield></datafield><datafield ind1=" " ind2="7" tag="651"><subfield code="a">Mississippi</subfield><subfield code="z">Grenada.</subfield><subfield code="2">fast</subfield><subfield code="0">(OCoLC)fst01220019</subfield></datafield><datafield ind1=" " ind2="7" tag="655"><subfield code="a">Newspapers.</subfield><subfield code="2">fast</subfield><subfield code="0">(OCoLC)fst01423814</subfield></datafield><datafield ind1=" " ind2=" " tag="752"><subfield code="a">United States</subfield><subfield code="b">Mississippi</subfield><subfield code="d">Grenada.</subfield></datafield><datafield ind1="0" ind2="8" tag="776"><subfield code="i">Online version:</subfield><subfield code="t">Grenada weekly sentinel</subfield><subfield code="x">2575-4653</subfield><subfield code="w">(DLC)  2017218865</subfield><subfield code="w">(OCoLC)1005260481</subfield></datafield><datafield ind1="0" ind2="0" tag="780"><subfield code="t">Family visitor</subfield></datafield><datafield ind1="0" ind2="0" tag="785"><subfield code="t">Grenada sentinel</subfield><subfield code="x">2575-4661</subfield><subfield code="w">(DLC)sn 85034375</subfield><subfield code="w">(OCoLC)12743302</subfield></datafield><datafield ind1="4" ind2="1" tag="856"><subfield code="u">http://www.loc.gov/chroniclingamerica/lccn/2016270500/issues</subfield></datafield></record>